% DATABASE OF ARTICLES BY TOPIC


%====================================%
% Learning Trajectories/Progressions %
%====================================%

@article{duncan_rivet_2018, title={Learning Progressions}, DOI={10.4324/9781315617572-41}, journal={International Handbook of the Learning Sciences}, author={Duncan, Ravit Golan and Rivet, Ann E.}, year={2018}, pages={422â€“432}}
%General description and intro to Learning Progressions

@inbook{lobato_walters_2017, place={Reston, VA}, title={A Taxonomy of Approaches to Learning Trajectories and Progressions}, booktitle={Compendium for Research in Mathematics Education}, publisher={The National Council of Teachers of Mathematics, Inc.}, author={Lobato, Joanne and Walters, C. David}, year={2017}}
%Comprehensive look at approaches to creating and researching and refining LT/P

@book{beck_2016, place={Place of publication not identified}, title={Art of Proof: basic training for deeper mathematics}, publisher={Springer-Verlag New York}, author={Beck, Matthias and Geoghegan, Ross.}, year={2016}}
% @book{beck_2016, place={Place of publication not identified}, title={ART OF PROOF: basic training for deeper mathematics}, publisher={SPRINGER-VERLAG NEW YORK}, author={BECK, MATTHIAS and GEOGHEGAN, ROSS.}, year={2016}}
