% BOOKS %
@book{ahlfors, place={New York}, title={Complex analysis: an introduction to the theory on analytic functions of one complex variable}, publisher={McGraw-Hill}, author={Ahlfors, Lars Valerian}, year={2007}}
@book{Ziegler, 
place={New York}, 
title={Lectures on {P}olytopes}, 
publisher={Springer}, 
author={Ziegler, Günter M.}, 
year={2007}}
@book{BeckComputingContinuousDiscretely, place={S.l.}, title={Computing the Continuous Discretely: integer-point enumeration in polyhedra}, publisher={SPRINGER-VERLAG NEW YORK}, author={Beck, Matthias and Sinai, Robins}, year={2016}}


@book{GubeladzePolytopesRingsKtheory,
place={New York}, 
title={Polytopes, {R}ings, and {K}-theory}, 
publisher={Springer}, 
author={Bruns, Winfried and Gubeladze, Joseph}, year={2009},keyword={poster}}

% Normal Polytopes: %
@article{BrunsGubeladzeNormalPolytopes, title={Quantum Jumps of Normal Polytopes}, volume={56}, DOI={10.1007/s00454-016-9773-7}, number={1}, journal={Discrete \& Computational Geometry}, author={Bruns, Winfried and Gubeladze, Joseph and Michałek, Mateusz}, year={2016}, pages={181–215}}

@article{bruns_gubeladze_1999, title={Normality and covering properties of affine semigroups}, volume={1999}, DOI={10.1515/crll.1999.044}, number={510}, journal={Journal für die reine und angewandte Mathematik (Crelles Journal)}, author={Bruns, Winfried and Gubeladze, Joseph}, year={1999}}

@article{bruns_gubeladze_henk_martin_weismantel_1999, title={A counterexample to an integer analogue of Carathéodorys theorem}, volume={1999}, DOI={10.1515/crll.1999.045}, number={510}, journal={Journal für die reine und angewandte Mathematik (Crelles Journal)}, author={Bruns, Winfried and Gubeladze, Joseph and Henk, Martin and Martin, Alexander and Weismantel, Robert}, year={1999}}



@misc{GubeladzeNormalPolytopeSurvey, title={Normal polytopes}, url={http://math.sfsu.edu/gubeladze/publications/fpsac2010.pdf}, journal={Publications}, publisher={FPSAC 2010}, author={Gubeladze, Joseph}}
% Polytopes: Cones %

@article{GubeladzePosetCones,
title={The poset of rational cones}, 
volume={292}, 
DOI={10.2140/pjm.2018.292.103}, 
number={1}, 
journal={Pacific Journal of Mathematics}, author={Gubeladze, Joseph and Michałek, Mateusz}, year={2018}, 
month={Jan}, 
pages={103–115},keyword={poster}}

@Misc{Normaliz, author = {Winfried Bruns and B. Ichim and T. R\”omer and R. Sieg and C. S\”oger}, title ={Normaliz. Algorithms for rational cones and affine monoids}, howpublished ={Available at \texttt{https://www.normaliz.uni-osnabrueck.de}},keyword={poster}}

@article{HilbertBasis, title={Hilbert Bases, Unimodular Triangulations, and Binary Covers of Rational Polyhedral Cones}, volume={21}, DOI={10.1007/pl00009416}, number={2}, journal={Discrete \& Computational Geometry}, author={Firla, Robert T. and Ziegler, G\"unter. M.}, year={1999}, pages={205–216}}


% Poset
@misc{PartialOrder, title={Partial Order}, url={http://mathworld.wolfram.com/PartialOrder.html}, journal={MathWorld--A Wolfram Web Resource}, publisher={Wolfram Research, Inc.}, author={Weisstein, Eric W},month={April}, year={2018}}


@misc{PosetWolfram , title={Partially Ordered Set}, url={http://mathworld.wolfram.com/PartiallyOrderedSet.html}, journal={MathWorld--A Wolfram Web Resource}, publisher={Wolfram Research Inc.}, author={Insall, Matt and Weisstein , Eric W}, month={April}, year={2018}}



@manual{sagemath,
  Key          = {SageMath},
  Author       = {{The Sage Developers}},
  Title        = {{S}ageMath, the {S}age {M}athematics {S}oftware {S}ystem ({V}ersion 8.1)},
  note		   = {\texttt{http://www.sagemath.org}},
  Year         = {2018},
  keyword	   = {poster}}

@online{geogebra, 
author = {Hohenwarter, Narkus and Borcherds, M. and Ancsin, G. and Bencze, B. and Blossier, M. and Delobelle, A. and Denizet, C. and \'Eli\'as, J. and Fekete, \'A and  G\'al, L. and Kone\v{c}n\'y, Z. and Kov\'acs, Z. and Lizelfelner, S. and Parisse, B. and Sturr, G.}, 
title = {{G}eo{G}ebra 5.0.457}, 
note = {\url{http://www.geogebra.org}}, 
year = {2018}, 
month ={April} 
}
@article{polymake:2017,
    author = {Assarf, Benjamin and Gawrilow, Ewgenij and Herr, Katrin and Joswig, Michael and Lorenz, Benjamin and Paffenholz, Andreas and Rehn, Thomas},
     title = {Computing convex hulls and counting integer points with {\tt polymake}},
   journal = {Math. Program. Comput.},
    volume = {9},
      year = {2017},
    number = {1},
     pages = {1-38},
   mrclass = {90C57 (52 90-04)},
  mrnumber = {3613012},
       doi = {10.1007/s12532-016-0104-z},
       url = {http://dx.doi.org/10.1007/s12532-016-0104-z},
}

@misc{GordanLemma, title={Gordan's lemma}, url={https://en.wikipedia.org/wiki/Gordan's_lemma}, journal={Wikipedia}, publisher={Wikimedia Foundation}, year={2018}, month={Jan}}

%Complex 
@misc{sahoo, title={Complex Numbers}, url={http://epgp.inflibnet.ac.in/epgpdata/uploads/epgp_content/S000025MS/P001475/M014224/ET/1456304558EtextofChapter1Module3.pdf}, journal={e-PGPathshala}, publisher={MHRD}, author={Sahoo, Pulak}}

% MA THESIS EXTRA
@article{bruns_gubeladze_henk_martin_weismantel_1999, title={A counterexample to an integer analogue of Carathéodorys theorem}, volume={1999}, DOI={10.1515/crll.1999.045}, number={510}, journal={Journal für die reine und angewandte Mathematik (Crelles Journal)}, author={Bruns, Winfried and Gubeladze, Joseph and Henk, Martin and Martin, Alexander and Weismantel, Robert}, year={1999}, month={Jan}, pages={179–185}}

@article{bruns_gubeladze_1999, title={Normality and covering properties of affine semigroups}, volume={1999}, DOI={10.1515/crll.1999.044}, number={510}, journal={Journal für die reine und angewandte Mathematik (Crelles Journal)}, author={Bruns, Winfried and Gubeladze, Joseph}, year={1999}, month={Jan}}

@article{bruns_2007, title={On the Integral Carathéodory Property}, volume={16}, DOI={10.1080/10586458.2007.10129007}, number={3}, journal={Experimental Mathematics}, author={Bruns, Winfried}, year={2007}, pages={359–365}}

@misc{haase_paffenholz_andreas_piechnik_lindsay_santos_francisco_2017, title={Existence of unimodular triangulations - positive results}, url={https://arxiv.org/abs/1405.1687v3}, journal={[1405.1687v3] Existence of unimodular triangulations - positive results}, author={Haase and Paffenholz and Andreas and Piechnik and Lindsay and Santos and Francisco}, year={2017}, month={Dec}}



















% MY STUFF
@misc{ChanGitHubMA, title={TimmyChan/ConeThesis}, url={https://github.com/TimmyChan/ConeThesis/}, journal={GitHub}, publisher={San Francisco State University}, author={Chan, Tsz L}, month={May}, year={2018}}